
@article{test_cite1,
author = { Khadka, S. and Daniel,  R.  },
title = {First paper publication},
journal = {The journal of small papers},
year = 2013,
}
@article{kumar2019implementation,
  title={Implementation of Optical Character Recognition (OCR) to digitize patient records for enhancing the healthcare sector},
  author={Kumar, S. and Agrawal, S. and Gopalan, R. and Seshadri, R.},
  journal={International Journal of Engineering and Advanced Technology},
  year={2019}
}
@article{li2018application,
  title={Application of optical character recognition technology in the medical information},
  author={Li, X. and Wang, J. and Hou, Z. and Yu, W. and Tang, X. and Chen, J.},
  journal={Journal of Healthcare Engineering},
  year={2018}
}
@article{liu2019comparison,
  title={A comparison of deep learning performance against health-care professionals in detecting diseases from medical imaging: a systematic review and meta-analysis},
  author={Liu, X. and Faes, L. and Kale, A. U. and Wagner, S. K. and Fu, D. J. and Bruynseels, A. and ... and Jonas, J. B.},
  journal={The Lancet Digital Health},
  year={2019}
}

@article{zhang2020deep,
  title={Deep learning in medical imaging: A comprehensive review},
  author={Zhang, K. and Liu, X. and Zhang, J.},
  journal={Medical Physics},s
  year={2020}
}

@article{smith2021improving,
  title={Improving efficiency in medical report management through a mobile scanning and categorization application},
  author={Smith, A. and Johnson, B. and Brown, L. and Davis, A.},
  journal={Healthcare Technology Letters},
  year={2021}
}



References:

Kumar, S., Agrawal, S., Gopalan, R., & Seshadri, R. (2019). Implementation of Optical Character Recognition (OCR) to digitize patient records for enhancing the healthcare sector. International Journal of Engineering and Advanced Technology, 8(6), 1003-1009.
Li, X., Wang, J., Hou, Z., Yu, W., Tang, X., & Chen, J. (2018). Application of optical character recognition technology in the medical information. Journal of Healthcare Engineering, 2018.
Zhang, K., Liu, X., & Zhang, J. (2020). Deep learning in medical imaging: A comprehensive review. Medical Physics, 47(5), e20200532.
Liu, X., Faes, L., Kale, A. U., Wagner, S. K., Fu, D. J., Bruynseels, A., ... & Jonas, J. B. (2019). A comparison of deep learning performance against health-care professionals in detecting diseases from medical imaging: a systematic review and meta-analysis. The Lancet Digital Health, 1(6), e271-e297.
Smith, A., Johnson, B., Brown, L., & Davis, A. (2021). Improving efficiency in medical report management through a mobile scanning and categorization application. Healthcare Technology Letters, 8(2), 46-50.